@book{Tanenbaum-UMA-ring,
	author    = {Tanenbaum, Andrew S.},
	title     = {Modern Operating Systems},
	year      = {2007},
	isbn      = {9780136006633},
	publisher = {Prentice Hall Press},
	address   = {USA},
	edition   = {3rd},
	pages     = {527},
}

@book{Tanenbaum-UMA-crossbar,
	author    = {Tanenbaum, Andrew S.},
	title     = {Modern Operating Systems},
	year      = {2007},
	isbn      = {9780136006633},
	publisher = {Prentice Hall Press},
	address   = {USA},
	edition   = {3rd},
	pages     = {528},
}

@book{Tanenbaum-UMA-switches,
	author    = {Tanenbaum, Andrew S.},
	title     = {Modern Operating Systems},
	year      = {2007},
	isbn      = {9780136006633},
	publisher = {Prentice Hall Press},
	address   = {USA},
	edition   = {3rd},
	pages     = {530},
}

@article{mccalpin1995stream,
	author  = {McCalpin, John},
	year    = {1995},
	month   = {12},
	pages   = {19-25},
	title   = {Memory bandwidth and machine balance in high performance computers},
	journal = {IEEE Technical Committee on Computer Architecture Newsletter},
}

@online{mccalpin1995stream-code,
	author = {McCalpin, John},
	title  = {{STREAM}: Sustainable Memory Bandwidth in High Performance Computers},
	year   = {1995},
	url    = {https://www.cs.virginia.edu/stream/},
}

@online{cfs-kernel-doc,
	author = {Ingo Molnar},
	title  = {{CFS} Scheduler},
	year   = 2007,
	url    = {https://www.kernel.org/doc/Documentation/scheduler/sched-design-CFS.txt},
}

@online{domains-kernel-doc,
	author = {Jonathan Corbet},
	title  = {Scheduling domains},
	year   = 2019,
	month  = jul,
	day    = 9,
	url    = {https://www.kernel.org/doc/html/v5.8/_sources/scheduler/sched-domains.rst.txt},
}

@phdthesis{laso-thesis,
	title  = {Dynamic workload optimisation on NUMA and heterogeneous architectures},
	author = {Laso, Ruben},
	year   = {2023},
	school = {Universidade de Santiago de Compostela},
}

@phdthesis{laso-thesis-scheduling-domains,
	title  = {Dynamic workload optimisation on NUMA and heterogeneous architectures},
	author = {Laso, Ruben},
	year   = {2023},
	school = {Universidade de Santiago de Compostela},
	pages  = {60},
}

@phdthesis{laso-thesis-CFS-NB-THP-performance,
	title  = {Dynamic workload optimisation on NUMA and heterogeneous architectures},
	author = {Laso, Ruben},
	year   = {2023},
	school = {Universidade de Santiago de Compostela},
	pages  = {97--99},
}

@article{lameter2013numa,
	title     = {{NUMA} (Non-Uniform Memory Access): An overview},
	author    = {Lameter, Christoph},
	journal   = {ACM Queue},
	booktitle = {ACM Queue},
	volume    = {11},
	number    = {7},
	pages     = {40},
	url       = {https://queue.acm.org/detail.cfm?id=2513149},
	year      = {2013},
}

@online{linux-kernel-doc-memory,
	author = {The kernel development community},
	title  = {Memory Management --- Concepts overview},
	year   = {2024},
	url    = {https://docs.kernel.org/admin-guide/mm/concepts.html},
}

@online{linux-kernel-doc-numa-mem-policy,
	author = {The kernel development community},
	title  = {NUMA Memory Policy},
	year   = {2024},
	url    = {https://www.kernel.org/doc/html/latest/admin-guide/mm/numa_memory_policy.html},
}

@online{intel-qpi,
	title        = {An Introduction to the Intel QuickPath Interconnect},
	url          = {https://www.intel.cn/content/dam/doc/white-paper/quick-path-interconnect-introduction-paper.pdf},
	organization = {Intel Corporation},
	year         = {2009},
}

@online{huge-pages-lwn-part-1,
	title  = {Huge pages part 1 (Introduction)},
	author = {Mel Gorman},
	year   = {2010},
	url    = {https://lwn.net/Articles/374424/},
}

@online{huge-pages-lwn-part-4,
	title  = {Huge pages part 4: benchmarking with huge pages},
	author = {Mel Gorman},
	year   = {2010},
	url    = {https://lwn.net/Articles/378641/},
}

@online{thp-in-kernel-2.6.38,
	author = {Jonathan Corbet},
	title  = {Transparent huge pages in 2.6.38},
	date   = {2011-01-19},
	url    = {https://lwn.net/Articles/423584/},
	year   = {2011},
}

@online{thp-lwn-part-benchmark,
	title   = {Re: Transparent Hugepage Support \#33},
	author  = {Mel Gorman},
	year    = {2010},
	urldate = {2022-05-25},
	url     = {https://lwn.net/Articles/423590/},
}

@unpublished{autonuma-kvm,
	title  = {Automatic {NUMA} Balancing},
	author = {Rick van Riel and Vinod Chegu},
	year   = {2014},
	note   = {Red Hat Summit},
	url    = {https://www.linux-kvm.org/images/7/75/01x07b-NumaAutobalancing.pdf},
}

@online{autonuma-lwn,
	author  = {Jonathan Corbet},
	title   = {{AutoNUMA}: the other approach to {NUMA} scheduling},
	year    = {2012},
	month   = {03},
	day     = {27},
	url     = {https://lwn.net/Articles/488709/},
	urldate = {2021-09-27},
}

@online{suse-autonuma,
	title        = {Automatic Non-Uniform Memory Access (NUMA) Balancing},
	url          = {https://documentation.suse.com/sles/12-SP5/html/SLES-all/cha-tuning-numactl.html},
	organization = {SUSE},
}

@online{nviennot-core-to-core-latency,
	author = {nviennot},
	title  = {core-to-core-latency},
	year   = {2022},
	url    = {https://github.com/nviennot/core-to-core-latency},
}

@online{osu-microbenchmarks,
	author = {Ohio State University},
	title  = {OSU Micro-Benchmarks},
	url    = {http://mvapich.cse.ohio-state.edu/benchmarks/},
}

@online{intel-mlc,
	author = {Intel Corporation},
	title  = {Memory Latency Checker},
	url    = {https://www.intel.com/content/www/us/en/developer/articles/tool/intelr-memory-latency-checker.html},
}

@techreport{jin1999openmp,
	title          = {The {OpenMP} implementation of {NAS} parallel benchmarks and its performance},
	commgoodauthor = {Jin, Haoqiang and Frumkin, Michael and Yan, Jerry},
	author         = {Jin, H. and Frumkin, M. and Yan, J.},
	year           = {1999},
	institution    = {Technical Report NAS-99-011, NASA Ames Research Center},
	organization   = {NASA Ames Research Center},
	address        = {},
}

@online{slit-tables,
	author = {Matt Flemming},
	title  = {What Are SLIT Tables?},
	year   = {2019},
	month  = {July},
	day    = {12},
	url    = {https://www.codeblueprint.co.uk/2019/07/12/what-are-slit-tables.html},
}

@online{acpi-spec,
	author = {{UEFI Forum}},
	title  = {{Advanced Configuration and Power Interface (ACPI) Specification Release 6.5}},
	year   = {2022},
	url    = {https://uefi.org/sites/default/files/resources/ACPI_Spec_6_5_Aug29.pdf},
}

@online{drepper-memory,
	author       = {Ulrich Drepper},
	title        = {What Every Programmer Should Know About Memory},
	year         = {2007},
	month        = {11},
	day          = {21},
	url          = {https://people.freebsd.org/~lstewart/articles/cpumemory.pdf},
	pages        = {16},
	organization = {Red Hat},
}

@article{carrefour,
	author     = {Dashti, Mohammad and Fedorova, Alexandra and Funston, Justin and Gaud, Fabien and Lachaize, Renaud and Lepers, Baptiste and Quema, Vivien and Roth, Mark},
	title      = {Traffic management: A holistic approach to memory placement on {NUMA} systems},
	year       = {2013},
	issue_date = {April 2013},
	publisher  = {Association for Computing Machinery},
	address    = {New York, NY, USA},
	volume     = {48},
	number     = {4},
	issn       = {0362-1340},
	url        = {https://doi.org/10.1145/2499368.2451157},
	doi        = {10.1145/2499368.2451157},
	journal    = {SIGPLAN Not.},
	month      = mar,
	pages      = {381–394},
	numpages   = {14},
	keywords   = {scheduling, operating systems, multicore, numa},
}

@article{gureya2020bandwidth,
	title   = {Bandwidth-aware page placement in {NUMA}},
	author  = {Gureya, David and Neto, Joao and Karimi, Reza and Barreto, Joao and Bhatotia, Pramod and Quema, Vivien and Rodrigues, Rodrigo and Romano, Paolo and Vlassov, Vladimir},
	journal = {arXiv preprint arXiv:2003.03304},
	year    = {2020},
}

@inproceedings{asymsched,
	author       = {Baptiste Lepers and Vivien Quema and Alexandra Fedorova},
	title        = {Thread and memory placement on {NUMA} systems: Asymmetry matters},
	booktitle    = {2015 {USENIX} Annual Technical Conference ({USENIX} {ATC} 15)},
	year         = {2015},
	isbn         = {978-1-931971-225},
	address      = {Santa Clara, CA},
	pages        = {277--289},
	url          = {https://www.usenix.org/conference/atc15/technical-session/presentation/lepers},
	publisher    = {{USENIX} Assoc.},
	month        = jul,
	organization = {{USENIX} Assoc.},
}

@article{Laso-CIMAR-NIMAR-LMMA,
	title    = {{CIMAR}, {NIMAR}, and {LMMA}: Novel algorithms for thread and memory migrations in user space on {NUMA} systems using hardware counters},
	journal  = {Future Generation Computer Systems},
	volume   = {129},
	pages    = {18-32},
	year     = {2022},
	issn     = {0167-739X},
	doi      = {https://doi.org/10.1016/j.future.2021.11.008},
	author   = {Ruben Laso and Oscar G. Lorenzo and José C. Cabaleiro and Tomás F. Pena and Juan Ángel Lorenzo and Francisco F. Rivera},
	keywords = {NUMA, Scheduling, Thread migration, Memory migration, Hardware counters},
}

@article{intel-xeon-phi-knights-corner,
	author  = {Fang, Zhenman and Mehta, Sanyam and Yew, Pen-Chung and Zhai, Antonia and Greensky, James and Beeraka, Gautham and Zang, Binyu},
	doi     = {10.1145/2687356},
	journal = {ACM Transactions on Architecture and Code Optimization},
	month   = {01},
	pages   = {1-26},
	title   = {Measuring Microarchitectural Details of Multi- and Many-Core Memory Systems through Microbenchmarking},
	volume  = {11},
	year    = {2015},
}